@book{asce7_2016,
  title={{Minimum Design Loads for Buildings and Other Structures}},
  author={{ASCE7-16}},
  year={2016},
  organization={{American Society of Civil Engineers}},
  publisher={ASCE/SEI Standard 7-16}
}

@book{aci2014building,
  title={{Building Code Requirements for Structural Concrete (ACI 318-14) and Commentary}},
  author={{ACI 318 (2014)}},
  year={2014},
  organization={American Concrete Institute},
  publisher={American Concrete Institute}
}

@book{moehle2014seismic,
  title={{Seismic Design of Reinforced Concrete Buildings}},
  author={Moehle, Jack},
  isbn={9780071839457},
  year={2014},
  publisher={McGraw Hill Professional}
}

@book{FEMA335c2000,
author = {FEMA335C},
title = {{State of the Art Report on Systems Performance of Steel Moment Frames Subject to Earthquake Ground Shaking}},
url = {https://www.nehrp.gov/pdf/fema355c.pdf},
year = {2000}
}


@book{FEMAp2012,
author = {FEMA P-2012},
title = {{Assessing Seismic Performance of Buildings with Confi guration Irregularities: Calibrating Current Standards and Practices}},
year = {2018}
}

@book{ChopraAnilK2012Dos,
series = {Prentice-Hall international series in civil engineering and engineering mechanics},
publisher = {Prentice Hall},
isbn = {9780132858038},
year = {2012},
title = {Dynamics of structures : theory and applications to earthquake engineering},
edition = {4th ed.},
language = {eng},
address = {Upper Saddle River, N.J.},
author = {Chopra, Anil K},
keywords = {Earthquake engineering; Structural dynamics},
lccn = {2011036834},
}

@article{sap2000,
  title={{Structural Analysis Program SAP2000}},
  author={Wilson, Edward L and Habibullah, A},
  journal={Computers and Structures Inc., California},
  year={2016}
}

@article{opensees,
  title={{Open System for Earthquake Engineering Simulation (OpenSees) Software Version 2.3.0}},
  author={McKenna, F and Mazzoni, S and Fenves, GL},
  journal={University of California, Berkeley, CA. Available from http://opensees. berkeley. edu},
  year={2011}
}

@phdthesis{pugh2012numerical,
  title={Numerical simulation of walls and seismic design recommendations for walled buildings},
  author={Pugh, Joshua S},
  year={2012},
  school={University of Washington}
}

@MastersThesis{whitman2015investigation,
author = {Whitman, Zachary J},
title = {Investigation of Seismic Failure Modes in Flexural Concrete Walls Using Finite Element Analysis},
school = {University of Washington},
year = {2015}
}

@article{ile2005behavior,
  title={{Behaviour of U-Shaped Walls Subjected to Uniaxial and Biaxial Cyclic Lateral Loading}},
  author={Ile, N and Reynouard, JM},
  journal={Journal of Earthquake Engineering},
  volume={9},
  number={01},
  pages={67--94},
  year={2005},
  publisher={World Scientific}
}

@article{thomsen2004displacement,
  title={{Displacement-based Design of Slender Reinforced Concrete Structural Walls: experimental verification}},
  author={Thomsen, John H and Wallace, John W},
  journal={Journal of Structural Engineering},
  year={2004},
  publisher={American Society of Civil Engineers}
}

@article{choi2004evaluation,
  title={Evaluation of deformation capacity for RC T-shaped cantilever walls},
  author={Choi, Chang-Sik and Ha, Sang-Su and Lee, Li-Hyung and Oh, Young-Hun and Yun, Hyun-Do},
  journal={Journal of earthquake engineering},
  volume={8},
  number={03},
  pages={397--414},
  year={2004},
  publisher={World Scientific}
}

@article{panagiotou2010displacement,
  title={Displacement-based method of analysis for regular reinforced-concrete wall buildings: Application to a full-scale 7-story building slice tested at UC--San Diego},
  author={Panagiotou, Marios and Restrepo, Jos{\'e} I},
  journal={Journal of Structural Engineering},
  year={2010},
  publisher={American Society of Civil Engineers}
}

@article{maruta2000structural,
  title={Structural capacities of H-shaped RC core wall subjected to lateral load and torsion},
  author={Maruta, Makoto and Suzuki, Norio and Miyashita, Takashi and Nishioka, Takamasa},
  journal={Proceedings of the 12th WCEE. Paper},
  number={1028},
  year={2000}
}

@article{vcervenka2008three,
  title={Three dimensional combined fracture--plastic material model for concrete},
  author={Cervenka, Jan and Papanikolaou, Vassilis K},
  journal={International Journal of Plasticity},
  volume={24},
  number={12},
  pages={2192--2220},
  year={2008},
  publisher={Elsevier}
}

@misc{vcervenka2013atena,
  title={ATENA Program Documentation, Part 1: Theory, 2013},
  author={Cervenka, Vladimir and Cervenka, Jan and Jendele, Libor},
  year={2013},
  publisher={Cervenka Consulting sro}
}

@phdthesis{brueggen2009performance,
  title={{Performance of T-shaped Reinforced Concrete Structural Walls under Multi-directional Loading}},
  author={Brueggen, Beth Louise},
  year={2009},
  school={University of Minnesota}
}

@article{lowes2013large,
  title={{Large scale tests of C-Shaped Reinforced Concrete Walls: Summary Report}},
  author={Lowes, Laura and  Lehman, Dawn and  Kuchma, D and Mock, A and Behrouzi, Anahid},
  journal={NEES project warehouse},
  year={2013}
}

@article{beyer2008quasi,
  title={{Quasi-static Cyclic Tests of Two U-Shaped Reinforced Concrete Walls}},
  author={Beyer, K and Dazio, A and Priestley, MJN},
  journal={Journal of earthquake engineering},
  volume={12},
  number={7},
  pages={1023--1053},
  year={2008},
  publisher={Taylor \& Francis}
}

@inproceedings{inada2008seismic,
  title={{Seismic Performance of RC L-shaped Core Structural Walls}},
  author={Inada, Kazuma and Chosa, Kazuto and Sato, Hisataka and Kono, Susumu and Watamane, Fumio},
  booktitle={Proceedings of the 14th world conference on earthquake engineering},
  year={2008}
}

@article{li2012seismic,
  title={{Seismic Performance of L-Shaped RC Shear Wall subjected to Cyclic Loading}},
  author={Li, Wei and Li, Qing},
  journal={The Structural Design of Tall and Special Buildings},
  volume={21},
  number={12},
  pages={855--866},
  year={2012},
  publisher={Wiley Online Library}
}

@inproceedings{constantin2014non,
  title={{Non-rectangular RC walls: A review of experimental investigations}},
  author={Constantin, Raluca and Beyer, Katrin},
  booktitle={2nd European Conference on Earthquake Engineering and Seismology},
  number={EPFL-CONF-201594},
  year={2014}
}

@Manual{atena3d,
title = {{ATENA 3D: Computer Program for Nonlinear Finite Element Analysis of Rienforced Concrete Structures}},
author = {{Cervenka Consulting}},
address = {Prague, Czech Republic},
year = 2015,
url = {http://www.cervenka.cz}
}

@book{van1986fracture,
  title={Fracture of concrete under complex stress},
  author={van Mier, Jan GM},
  year={1986},
  publisher={Faculty of Civil Engineering, Delft University of Technology}
}

@article{menetrey1995triaxial,
  title={Triaxial failure criterion for concrete and its generalization},
  author={Menetrey, Philippe and Willam, KJ},
  journal={ACI structural Journal},
  volume={92},
  number={3},
  pages={311--318},
  year={1995},
  publisher={American Concrete Institute}
}

@article{vecchio1986modified,
  title={The modified compression-field theory for reinforced concrete elements subjected to shear.},
  author={Vecchio, Frank J and Collins, Michael P},
  journal={ACI J.},
  volume={83},
  number={2},
  pages={219--231},
  year={1986}
}

@inproceedings{menegotto1973method,
  title={Method of Analysis for Cyclically Loaded RC Plane Frames Including Changes in Geometry and Non-elastic Behaviour of Elements Under Combined Normal Force and Bending},
  author={Menegotto, Marco and Pinto, Paolo Emilio},
  booktitle={IABSE Congress Reports of the Working Commission},
  volume={13},
  year={1973}
}

@Book{aiscManual,
publisher = {{American Institute of Steel Construction}},
isbn = {9781564240071},
year = {2017},
title = {{Steel Construction Manual}},
edition = {Fifteenth},
language = {eng},
address = {Chicago, Illinois},
keywords = {Building, Iron and steel -- Tables; Steel, Structural -- Tables; Steel, Structural -- Specifications -- United States; Building, Iron and steel -- Handbooks, manuals, etc},
organization = {American Institute of Steel Construction, issuing body, publisher},
}

