% Encoding: UTF-8

@Article{Lysmer:1969,
  author  = {Lysmer, John and Kuhlemeyer, Roger L},
  title   = {Finite dynamic model for infinite media},
  journal = {Journal of the Engineering Mechanics Division},
  year    = {1969},
  volume  = {95},
  number  = {4},
  pages   = {859--878},
}

@Article{vlachos2018predictive,
  author   = {Vlachos, Christos and Papakonstantinou, Konstantinos G. and Deodatis, George},
  title    = {Predictive model for site specific simulation of ground motions based on earthquake scenarios},
  journal  = {Earthquake Engineering \& Structural Dynamics},
  year     = {2018},
  volume   = {47},
  number   = {1},
  pages    = {195-218},
  doi      = {10.1002/eqe.2948},
  keywords = {predictive stochastic ground motion model, analytical evolutionary power spectrum, ground motion parametrization, random-effect regression, NGA-West2 database},
  url      = {https://onlinelibrary.wiley.com/doi/abs/10.1002/eqe.2948},
}

@report{boulanger2015pm4sand,
  title={PM4Sand (Version 3): A sand plasticity model for earthquake engineering applications},
  author={Boulanger, RW and Ziotopoulou, K},
  institution={{Center for Geotechnical Modeling Report No. UCD/CGM-15/01, Department of Civil and Environmental Engineering, University of California, Davis, Calif}},
  year={2015}
}

@Article{wittig1975simulation,
  author  = {Wittig,L. E. and Sinha,A. K.},
  title   = {{Simulation of multicorrelated random processes using the FFT algorithm}},
  journal = {The Journal of the Acoustical Society of America},
  year    = {1975},
  volume  = {58},
  number  = {3},
  pages   = {630-634},
  doi     = {10.1121/1.380702},
  url     = {https://doi.org/10.1121/1.380702},
}

@Article{kaimal1972spectral,
  author  = {Kaimal, J. C. and Wyngaard, J. C. and Izumi, Y. and Cot{\'e}, O. R.},
  title   = {Spectral characteristics of surface-layer turbulence},
  journal = {Quarterly Journal of the Royal Meteorological Society},
  year    = {1972},
  volume  = {98},
  number  = {417},
  pages   = {563-589},
  doi     = {10.1002/qj.49709841707},
  url     = {https://rmets.onlinelibrary.wiley.com/doi/abs/10.1002/qj.49709841707},
}

@Article{simiu1996wind,
  author  = {Simiu, Emil and Scanlan, Robert H},
  title   = {Wind effects on structures: Fundamentals and application to design},
  journal = {Book published by John Willey \& Sons Inc},
  year    = {1996},
  volume  = {605},
}

@InProceedings{davenport1967dependence,
  author    = {Davenport, AG},
  title     = {The dependence of wind loading on meteorological parameters},
  booktitle = {Proc. of Int. Res. Seminar, Wind Effects On Buildings \& Structures, NRC, Ottawa},
  year      = {1967},
}

@Comment{jabref-meta: databaseType:bibtex;}
