% Encoding: UTF-8

@Article{Lysmer:1969,
  author  = {Lysmer, John and Kuhlemeyer, Roger L},
  title   = {Finite dynamic model for infinite media},
  journal = {Journal of the Engineering Mechanics Division},
  year    = {1969},
  volume  = {95},
  number  = {4},
  pages   = {859--878},
}

@Article{vlachos2018predictive,
  author   = {Vlachos, Christos and Papakonstantinou, Konstantinos G. and Deodatis, George},
  title    = {Predictive model for site specific simulation of ground motions based on earthquake scenarios},
  journal  = {Earthquake Engineering \& Structural Dynamics},
  year     = {2018},
  volume   = {47},
  number   = {1},
  pages    = {195-218},
  doi      = {10.1002/eqe.2948},
  eprint   = {https://onlinelibrary.wiley.com/doi/pdf/10.1002/eqe.2948},
  keywords = {predictive stochastic ground motion model, analytical evolutionary power spectrum, ground motion parametrization, random-effect regression, NGA-West2 database},
  url      = {https://onlinelibrary.wiley.com/doi/abs/10.1002/eqe.2948},
}

@Comment{jabref-meta: databaseType:bibtex;}
